@string{CGTA   = "Comput. Geom. Theory Appl."}
@string{AMS           = "Amer. Math. Soc."}
@string{CGTA   = "Comput. Geom. Theory Appl."}
@string{SOCG_1985 = "Proc. 1st Annu.  Sympos. Comput. Geom. {\em(SoCG)}"}


@article{abfg-rftgs-09,
  author       = {Mohammad Ali Abam and Mark de Berg and Mohammad
                  Farshi and Joachim Gudmundsson},
  title        = {Region-Fault Tolerant Geometric Spanners},
  journal      = {Discret. Comput. Geom.},
  volume       = {41},
  number       = {4},
  pages        = {556--582},
  year         = {2009},
  url          = {https://doi.org/10.1007/s00454-009-9137-7},
  doi          = {10.1007/s00454-009-9137-7},
  timestamp    = {Thu, 12 Mar 2020 17:20:37 +0100},
  biburl       = {https://dblp.org/rec/journals/dcg/AbamBFG09.bib},
  bibsource    = {dblp computer science bibliography,
                  https://dblp.org}
}

@inproceedings{cd-vdbcdf-85,
  author       = {Chew, L Paul and Dyrsdale III, Robert L},
  title        = {Voronoi diagrams based on convex distance functions},
  booktitle    = SOCG_85,
  pages        = {235--244},
  year         = {1985}
}

@Unpublished{ab-lgs-21,
  author       = {Mohammad Ali Abam and Mohammad Sadegh Borouny},
  title        = {Local geometric spanners},
  note         = {To appear in Algorithmica},
  year         = 2021
}


@article{ah-ncsa-12,
  author       = {M. A. Abam and S. {Har{-}Peled}},
  title        = {New Constructions of \textsf{SSPD}s and their
                  Applications},
  journal      = CGTA,
  volume       = 45,
  number       = "5--6",
  pages        = "200--214",
  year         = 2012,
  doi          = {10.1016/j.comgeo.2011.12.003}
}

@Book{h-gaa-11,
  author       = {S. {Har{-}Peled}},
  title        = {Geometric Approximation Algorithms},
  publisher    = AMS,
  series       = {Math. Surveys \& Monographs},
  volume       = 173,
  address      = {Boston, MA, USA},
  year         = 2011,
  url          = {http://sarielhp.org/book/},
  doi          = {10.1090/surv/173}
}
@article{ams-dagss-99,
  author       = "S. Arya and D. M. Mount and M. Smid",
  fullauthor   = "Sunil Arya and David M. Mount and Michiel Smid",
  title        = "Dynamic algorithms for geometric spanners of small
                  diameter: Randomized solutions",
  journal      = CGTA,
  volume       = "13",
  number       = "2",
  pages        = "91-107",
  year         = "1999",
  issn         = "0925-7721",
  doi          = "https://doi.org/10.1016/S0925-7721(99)00014-0",
  url          =
                  "http://www.sciencedirect.com/science/article/pii/S0925772199000140"
}

